<record><leader>00000cas a2200000 a 4500</leader><controlfield tag="001">12277161</controlfield><controlfield tag="008">850718d18931895ksudr ne      0    0eng d</controlfield><datafield ind1=" " ind2=" " tag="010"><subfield code="a">sn 85031418 </subfield></datafield><datafield ind1=" " ind2=" " tag="040"><subfield code="a">KSH</subfield><subfield code="b">eng</subfield><subfield code="c">KSH</subfield><subfield code="d">NPT</subfield><subfield code="d">OCL</subfield><subfield code="d">OCLCQ</subfield></datafield><datafield ind1=" " ind2=" " tag="042"><subfield code="a">msc</subfield></datafield><datafield ind1="0" ind2=" " tag="130"><subfield code="a">Daily journal (Coffeyville, Kan. : 1893)</subfield></datafield><datafield ind1="1" ind2="4" tag="245"><subfield code="a">The daily journal.</subfield></datafield><datafield ind1=" " ind2=" " tag="260"><subfield code="a">Coffeyville, Kan. :</subfield><subfield code="b">Elliott Print. Co.,</subfield><subfield code="c">1893-1895.</subfield></datafield><datafield ind1=" " ind2=" " tag="300"><subfield code="a">3 v. :</subfield><subfield code="b">ill. ;</subfield><subfield code="c">57 cm.</subfield></datafield><datafield ind1=" " ind2=" " tag="310"><subfield code="a">Daily (except Sunday)</subfield></datafield><datafield ind1="0" ind2=" " tag="362"><subfield code="a">Vol. 1, no. 111 (Oct. 9, 1893)-v. 3, whole no. 668 (July 23, 1895).</subfield></datafield><datafield ind1=" " ind2=" " tag="580"><subfield code="a">Issued also in a weekly edition called: Coffeyville journal (Coffeyville, Kan. : 1893).</subfield></datafield><datafield ind1=" " ind2=" " tag="752"><subfield code="a">United States</subfield><subfield code="b">Kansas</subfield><subfield code="c">Montgomery</subfield><subfield code="d">Coffeyville.</subfield></datafield><datafield ind1="1" ind2=" " tag="775"><subfield code="t">Coffeyville journal (Coffeyville, Kan. : 1893)</subfield><subfield code="w">(DLC)sn 85031415</subfield></datafield><datafield ind1="0" ind2="0" tag="780"><subfield code="t">Coffeyville daily journal (Coffeyville, Kan. : 1893)</subfield><subfield code="w">(DLC)sn 85031417</subfield></datafield><datafield ind1="0" ind2="0" tag="785"><subfield code="t">Coffeyville daily journal (Coffeyville, Kan. : 1895)</subfield><subfield code="w">(DLC)sn 85031419</subfield></datafield></record>